@misc{LatexHomeworkTemplate,
  author = {Josh Davis},
  title = {latex-homework-template},
  year = {2020},
  publisher = {GitHub},
  journal = {GitHub repository},
  howpublished = {https://github.com/jdavis/latex-homework-template},
}